<?xml version="1.0" encoding="UTF-8"?><collection xmlns="http://www.loc.gov/MARC21/slim"><record><leader>00351nam--2200121-i-4500</leader><controlfield tag="001">000027421</controlfield><controlfield tag="002">20161230</controlfield><controlfield tag="005">20161230201036</controlfield><controlfield tag="008">060222s1000------------r-----000-0-eng-d</controlfield><datafield ind1=" " ind2=" " tag="080"><subfield code="a">378(44)(043)</subfield></datafield><datafield ind1=" " ind2=" " tag="245"><subfield code="a">Inventaire des theses de doctorat soutenues devant les universites francaises1981</subfield></datafield><datafield ind1=" " ind2=" " tag="260"><subfield code="a">Paris, Universite, 1982, Xiv + 328p</subfield></datafield><datafield ind1=" " ind2=" " tag="852"><subfield code="a">D.1407</subfield></datafield></record></collection>